
@inproceedings{Dobkin:1987,
 author = {Dobkin, David P. and Friedman, Steven J. and Supowit, Kenneth J.},
 title = {Delaunay graphs are almost as good as complete graphs},
 booktitle = {Proceedings of the 28th Annual Symposium on Foundations of Computer Science},
 series = {SFCS '87},
 year = {1987},
 isbn = {0-8186-0807-2},
 pages = {20--26},
 numpages = {7},
 url = {http://dx.doi.org/10.1109/SFCS.1987.18},
 doi = {10.1109/SFCS.1987.18},
 acmid = {1383014},
 publisher = {IEEE Computer Society},
 address = {Washington, DC, USA},
}

@article{Dobkin:1990,
 author = {Dobkin, David P. and Friedman, Steven J. and Supowit, Kenneth J.},
 title = {Delaunay graphs are almost as good as complete graphs},
 journal = {Discrete Comput. Geom.},
 issue_date = {Jul. 1990},
 volume = {5},
 number = {4},
 month = may,
 year = {1990},
 issn = {0179-5376},
 pages = {399--407},
 numpages = {9},
 url = {http://dx.doi.org/10.1007/BF02187801},
 doi = {10.1007/BF02187801},
 acmid = {86282},
 publisher = {Springer-Verlag New York, Inc.},
 address = {Secaucus, NJ, USA},
}
